% Encoding: UTF-8

@InCollection{Ronneberger2015a,
  author        = {Olaf Ronneberger and Philipp Fischer and Thomas Brox},
  title         = {U-Net: Convolutional Networks for Biomedical Image Segmentation},
  booktitle     = {Lecture Notes in Computer Science},
  publisher     = {Springer International Publishing},
  year          = {2015},
  pages         = {234--241},
  __markedentry = {[V.Kozitsin:6]},
  doi           = {10.1007/978-3-319-24574-4_28},
}

@Comment{jabref-meta: databaseType:bibtex;}
